<?xml version="1.0" encoding="UTF-8"?><collection xmlns="http://www.loc.gov/MARC21/slim"><record><leader>00454nam--2200133-i-4500</leader><controlfield tag="001">000025389</controlfield><controlfield tag="002">20161230</controlfield><controlfield tag="005">20161230201035</controlfield><controlfield tag="008">060222s1000------------r-----000-0-eng-d</controlfield><datafield ind1=" " ind2=" " tag="100"><subfield code="a">Jordan, Pascual</subfield></datafield><datafield ind1=" " ind2=" " tag="245"><subfield code="a">Atom und weltall. einfunhrung in den gedankeninhalt der modernen physik. zugleich 9 neugestaltete ... auflage der physik des 20 jahrhunderts</subfield></datafield><datafield ind1=" " ind2=" " tag="260"><subfield code="a">Braunschweig, Vieweg U.Son, 1956, Vii + 144p</subfield></datafield><datafield ind1=" " ind2=" " tag="490"><subfield code="a">Die Wissenschaft</subfield></datafield><datafield ind1=" " ind2=" " tag="852"><subfield code="a">13069</subfield></datafield></record></collection>